@online{dsp_vantagens,
	author = {Jean L. Broge},
	title = {The benefits and advantages of digital signal processing},
	date = 2015,
	month = 10,
	day = 26,
	url = {http://articles.sae.org/14409/}
}

@book{vas1999artificial,
  title={Artificial-Intelligence-based Electrical Machines and Drives: Application of Fuzzy, Neural, Fuzzy-neural, and Genetic-algorithm-based Techniques},
  author={Vas, P.},
  series={Monographs in Electrical and Electronic Engineering},
  year={1999},
  publisher={OUP Oxford}
}


@online{ti_antenas,
	author = {Richard Wallace and {Texas Instruments}},
	date = {2010},
	title = {{Application Note AN058 - Antenna Selection Guide}},
	url = {http://www.ti.com/lit/an/swra161b/swra161b.pdf}
}

@online{cc1101_design,
	author = {{Texas Instruments}},
	date = {2010},
	title = {{CC1101EM868-915MHz Reference Design 3.0 (Rev. B)}},
	url = {http://www.ti.com/lit/zip/swrr045}
}

@online{ellis2005,
      Author = {Daniel P. W. Ellis},
      Year = {2005},
      Title = {{PLP} and {RASTA} (and {MFCC}, and inversion) in {M}atlab},
      Url = {http://www.ee.columbia.edu/~dpwe/resources/matlab/rastamat/},
}

@online{voicebox,
      Author = {Mike Brookes},
      Year = {2003},
      Title = {{VOICEBOX: Speech Processing Toolbox for {M}ATLAB}},
      Url = {http://www.ee.ic.ac.uk/hp/staff/dmb/voicebox/voicebox.html},
}

@article{fernando,
Author = {Fernando de A. Freitas and Carlos Henrique Valério de Morais and Sarajane Marques Peres},
Year = {2011},
Title={{Deaf-Help: An Electronic Babysitter Adapted for People with Hearing Disabilities}},
}

@online{neuralyst,
	author = {{Cheshire Engineering Corporation}},
	title = {Neuralyst User's Guide},
	date = {1994},
	url = {https://www.cheshireeng.com/Neuralyst/doc/NUG14x.pdf},
}


@online{ld33_datasheet,
	author = {{STMicroelectronics}},
	date = {2005},
	title = {{LD1117 series low drop fixed and adjustable positive voltage regulators datasheet}},
	url = {https://www.sparkfun.com/datasheets/Components/LD1117V33.pdf}
}
@book{purves2001neuroscience,
	title={Neuroscience},
	edition={3},
	author={D. Purves and D. Fitzpatrick, D. and L.C. Katz and A.S. Lamantia and J.O. McNamara and S.M. Williams and G.J. Augustine},
	isbn={0878937269},
	year={2004},
	pages = {290-291},
	publisher={Sinauer Associates}
}

@book{noiseanalysis2003,
	title = {Fundamentals of Noise and Vibration Analysis for Engineers},
	author = {M. P. Norton and D. G. Karczub},
	date = {2003},
	publisher = {Cambridge University Press},
	isbn = {0-5214991-3-5},
}


@book{oshaughnessy1987,
	author = {Douglas O'Shaughnessy},
	title = {Speech communication: human and machine},
	date = {1987},
	publisher = {Addison-Wesley Publishing Company},
	isbn = {0-2011652-0-1},
}


@book{smith1999dsp,
	author = {Steven W. Smith},
	title = {The Scientist and Engineer's Guide to Digital Signal Processing},
	date = {1999},
	publisher = {California Technical Publishing},
	isbn = {0-9660176-6-8},
}


@article{frequencia_choro,
	author = {Raina P. Daga and Anagha M. Panditrao},
	title = {Acoustical Analysis of Pain Cries’ in Neonates: Fundamental Frequency},
	journaltitle = {International Journal of Computer Applications (0975 – 8887) on Electronics, Information and Communication Engineering - ICEICE},
	date = {12/2011},
	url = {http://research.ijcaonline.org/iceice/number3/iceice022.pdf},
}

@inproceedings{garcia2003,
	author = {José Orozco García and Carlos A. Reyes García},
	title = {Mel-Frequency Cepstrum Coefficients Extraction from Infant Cry for Classification of Normal and Pathological Cry with Feed-forward Neural Networks},
	date = {2003},
	booktitle = {Proceedings of the International Joint Conference on Neural Networks, 2003.}, 
}

@book{catsoulis2005,
 author = {John Catsoulis},
 title = {Designing Embedded Hardware},
 year = {2005},
 publisher = {O'Reilly Media, Inc.},
} 

@book{max2013,
 author = {Rodrigo Maximiano Antunes de Almeida},
 title = {Notas de Aula Programação Embarcada - ELT024},
 year = {2013},
} 

@article
{cepstrum_pitch,
	author = {A. Michael Noll},
	title = {Cepstrum Pitch Determination},
	journal = {The Journal of the Acoustical Society of America},
	year = {1967},
	volume = {41},
	number = {2}, 
	pages = {293-309},
	url = {http://scitation.aip.org/content/asa/journal/jasa/41/2/10.1121/1.1910339},
	doi = {http://dx.doi.org/10.1121/1.1910339} 
}



@inproceedings{mfcc_speech,
	author = {Todor Ganchev and Nikos Fakotakis and George Kokkinakis},
	title = {Comparative Evaluation of Various MFCC Implementations on the Speaker Verification Task},
	booktitle = {International Conference on Speech and Computer (SPECOM 2005)},
	date = {date},
	url = {http://citeseerx.ist.psu.edu/viewdoc/download?doi=10.1.1.75.8303&rep=rep1&type=pdf},
}
@conference {cohen2012,
    author    = {Rami Cohen and Yizhar Lavner},
    title     = {Infant Cry Analysis and Detection},
    booktitle = {2012 IEEE 27th Convention of Electrical \& Electronics Engineers in Israel (IEEEI)},
    year      = {2012},
    publisher = {IEEE}
}

@inproceedings{bogert1963,
	author = {B. P. Bogert and M. J. R. Healy and J. W. Tukey},
	editor = {Wiley},
	title = {The Quefrency Alanysis [sic] of Time Series for Echoes: Cepstrum, Pseudo Autocovariance, Cross-Cepstrum and Saphe Cracking},
	booktitle = {Proceedings of the Symposium on Time Series Analysis},
	date = {1963},
	}

@Book{bishop2006,
  author = {Christopher M. Bishop},
  title = {Pattern Recognition and Machine Learning},
  publisher = {Springer},
  year = {2006},
}

@inproceedings{davis1980,
	author = {Steven B. Davis and Paul Mermelstein},
	editor = {Wiley},
	title = {Comparison of Parametric Representations for Monosyllabic Word Recognition in Continuously Spoken Sentences},
	booktitle = {IEEE Transactions on acoustics, speech, and signal processing, vol. ASSP-28, no. 4},
	date = {1980},
}

@book{benesty2007springer,
	title={Springer Handbook of Speech Processing},
	author={Benesty, J. and Sondhi, M.M. and Huang, Y.},
	isbn={9783540491255},
	series={Springer Handbook of Speech Processing},
	year={2007},
	publisher={Springer Berlin Heidelberg}
}



@online{arquiteturaarm,
	author = {{ARM Holdings}},
	title = {ARM Processor Architecture
},
	date = {2016},
	url = {http://www.arm.com/products/processors/instruction-set-architectures/index.php},
}

@online{mlp,
	author = {{LISA lab}},
	title = {Multilayer Perceptron},
	date = {},
	url = {http://deeplearning.net/tutorial/mlp.html},
}

@online{ott2001,
	author = {Henry W. Ott},
	title = {Partitioning and Layout of a Mixed-Signal PCB},
	date = {2001},
	url = {http://www.hottconsultants.com/pdf_files/june2001pcd_mixedsignal.pdf},
}


@online{censo2010,
	author = {{Instituto Brasileiro de Geografia e Estatística}},
	title = {Censo Demográfico 2010 - Características gerais da população, religião e pessoas com deficiência},
	date = {2010},
	url = {http://biblioteca.ibge.gov.br/visualizacao/periodicos/94/cd_2010_religiao_deficiencia.pdf},
}

@article{brazelton1962,
	author = {T. Berry Brazelton},
	title = {Crying in Infancy},
	journaltitle = {Journal of the American Academy of Pediatrics},
	date = {1962},
}

@article{truby1965,
	author = {H. M. Truby and J. Lind},
	title = {Cry sounds of the newborn infant},
	date = {1965},
	}

@online{definicao_mic,
	author = {Jerad Lewis - Analog Devices},
	title = {Analog and Digital MEMS
Microphone Design
Considerations},
date = {date},
url = {http://www.analog.com/media/en/technical-documentation/technical-articles/Analog-and-Digital-MEMS-Microphone-Design-Considerations-MS-2472.pdf},
}

@online{mfcc_implementation,
	author = {{Practical Cryptography}},
	date = {2013},
	title = {{Mel Frequency Cepstral Coefficient (MFCC) tutorial}
},
url = {http://practicalcryptography.com/miscellaneous/machine-learning/guide-mel-frequency-cepstral-coefficients-mfccs/},
}

@book{goldberg2000practical,
	title={A Practical Handbook of Speech Coders},
	author={R. Goldberg and L. Riek},
	isbn={9781420036824},
	series={Discrete Mathematics and Its Applications},
	year={2000},
	publisher={CRC Press}
}

@book{samarasinghe2006,
	title={Neural Networks for Applied Sciences and Engineering},
	author={Sandhya Samarasinghe},
	year={2006},
	publisher={Auerbach Publications},
	pages={72-74},
}


@article{stevens1937,
	author = {S. S. Stevens and J. Volkman and E. B. Newman},
	title = {A Scale for the Measurement of the Psychological Magnitude Pitch
	},
	journaltitle = {The Journal of the Acoustical Society of America},
	date = {1937},
}


