
@online{dsp_vantagens,
	author = {Jean L. Broge},
	title = {The benefits and advantages of digital signal processing},
	date = {26/10/2015},
	url = {http://articles.sae.org/14409/}
}

@book{purves2001neuroscience,
	title={Neuroscience},
	edition={3},
	author={Purves, D. and Fitzpatrick, D. and Katz, L.C. and Lamantia, A.S. and McNamara, J.O. and Williams, S.M. and Augustine, G.J.},
	isbn={0878937269},
	url={https://books.google.com.br/books?id=F4pTPwAACAAJ},
	year={2004},
	pages = {290-291},
	publisher={Sinauer Associates}
}



@book{smith1999dsp,
	author = {Steven W. Smith},
	title = {The Scientist and Engineer's Guide to Digital Signal Processing},
	date = {1999},
	publisher = {California Technical Publishing},
	isbn = {0-9660176-6-8},
}


@article{frequencia_choro,
	author = {Raina P. Daga and Anagha M. Panditrao},
	title = {Acoustical Analysis of Pain Cries’ in Neonates: Fundamental Frequency},
	journaltitle = {International Journal of Computer Applications (0975 – 8887) on Electronics, Information and Communication Engineering - ICEICE},
	date = {12/2011},
	url = {http://research.ijcaonline.org/iceice/number3/iceice022.pdf},
}

@article
{cepstrum_pitch,
	author = {Noll, A. Michael},
	title = {Cepstrum Pitch Determination},
	journal = {The Journal of the Acoustical Society of America},
	year = {1967},
	volume = {41},
	number = {2}, 
	pages = "293-309",
	url = {http://scitation.aip.org/content/asa/journal/jasa/41/2/10.1121/1.1910339},
	doi = {http://dx.doi.org/10.1121/1.1910339} 
}


@inproceedings{mfcc_speech,
	author = {Todor Ganchev and Nikos Fakotakis and George Kokkinakis},
	editor = {editor},
	title = {Comparative Evaluation of Various MFCC Implementations on the Speaker Verification Task},
	booktitle = {International Conference on Speech and Computer (SPECOM 2005)},
	date = {date},
	url = {http://citeseerx.ist.psu.edu/viewdoc/download?doi=10.1.1.75.8303&rep=rep1&type=pdf},
}

@book{benesty2007springer,
	title={Springer Handbook of Speech Processing},
	author={Benesty, J. and Sondhi, M.M. and Huang, Y.},
	isbn={9783540491255},
	lccn={2007931999},
	series={Springer Handbook of Speech Processing},
	url={https://books.google.com.br/books?id=Slg10ekZBkAC},
	year={2007},
	publisher={Springer Berlin Heidelberg}
}
